
    <record>
        <leader>00679nam 2200205 450</leader>
        <controlfield tag="001">21</controlfield>
        <controlfield tag="003"
            >http://montalegre.opacnet.com/OPAC/default.aspx?ContentAreaControl=ShowRegHoldings.ascx&amp;RegNo=16662</controlfield>
        <datafield tag="100" ind1=" " ind2=" ">
            <subfield code="a">20061013d1937 k y0pory010305 ba</subfield>
        </datafield>
        <datafield tag="101" ind1="0" ind2=" ">
            <subfield code="a">por</subfield>
        </datafield>
        <datafield tag="102" ind1=" " ind2=" ">
            <subfield code="a">PT</subfield>
        </datafield>
        <datafield tag="200" ind1="1" ind2=" ">
            <subfield code="a">&lt;O &gt;amanuense Belmiro</subfield>
            <subfield code="e">romance</subfield>
            <subfield code="f">Ciro dos Anjos</subfield>
        </datafield>
        <datafield tag="210" ind1=" " ind2=" ">
            <subfield code="a">Lisboa</subfield>
            <subfield code="c">Livros do Brasil</subfield>
            <subfield code="d">[1937]</subfield>
        </datafield>
        <datafield tag="215" ind1=" " ind2=" ">
            <subfield code="a">182 p.</subfield>
            <subfield code="d">23 cm</subfield>
        </datafield>
        <datafield tag="225" ind1="2" ind2=" ">
            <subfield code="a">Livros do Brasil</subfield>
            <subfield code="v">29</subfield>
        </datafield>
        <datafield tag="606" ind1=" " ind2=" ">
            <subfield code="a">Literatura brasileira</subfield>
        </datafield>
        <datafield tag="608" ind1=" " ind2=" ">
            <subfield code="a">Romance</subfield>
        </datafield>
        <datafield tag="675" ind1=" " ind2=" ">
            <subfield code="a">821.134.3(81)</subfield>
            <subfield code="v">BN</subfield>
            <subfield code="z">por</subfield>
        </datafield>
        <datafield tag="700" ind1=" " ind2="1">
            <subfield code="a">Anjos</subfield>
            <subfield code="b">Cyro Versiani dos</subfield>
            <subfield code="f">1906-1994</subfield>
        </datafield>
        <datafield tag="801" ind1=" " ind2="0">
            <subfield code="a">PT</subfield>
            <subfield code="b">Biblioteca Municipal de Montalegre</subfield>
            <subfield code="g">RPC</subfield>
        </datafield>
        <datafield tag="856" ind1=" " ind2=" ">
            <subfield code="u">locateMedia.asp?cod=20060504121509&amp;ext=jpg</subfield>
            <subfield code="z">CAPA</subfield>
        </datafield>
        <datafield tag="909" ind1="&#9;" ind2=" ">
            <subfield code="a">1</subfield>
        </datafield>
        <datafield tag="966" ind1=" " ind2=" ">
            <subfield code="a">0011976</subfield>
            <subfield code="l">BMM</subfield>
            <subfield code="s">SCG 821.134.3(81) ANJ ama 29</subfield>
        </datafield>
    </record>