
    <record>
        <leader>00818nam 2200265 450</leader>
        <controlfield tag="001">24</controlfield>
        <controlfield tag="003"
            >http://montalegre.opacnet.com/OPAC/default.aspx?ContentAreaControl=ShowRegHoldings.ascx&amp;RegNo=16662</controlfield>
        <datafield tag="021" ind1=" " ind2=" ">
            <subfield code="a">PT</subfield>
            <subfield code="b">33368/89</subfield>
        </datafield>
        <datafield tag="095" ind1=" " ind2=" ">
            <subfield code="a">PTBN00254064</subfield>
        </datafield>
        <datafield tag="100" ind1=" " ind2=" ">
            <subfield code="a">20061013d1989 m y0pory010305 ba</subfield>
        </datafield>
        <datafield tag="101" ind1="1" ind2=" ">
            <subfield code="a">por</subfield>
            <subfield code="c">eng</subfield>
        </datafield>
        <datafield tag="102" ind1=" " ind2=" ">
            <subfield code="a">PT</subfield>
        </datafield>
        <datafield tag="105" ind1=" " ind2=" ">
            <subfield code="a">y z 000ay</subfield>
        </datafield>
        <datafield tag="106" ind1=" " ind2=" ">
            <subfield code="a">r</subfield>
        </datafield>
        <datafield tag="200" ind1="1" ind2=" ">
            <subfield code="a">Primeiro entre iguais</subfield>
            <subfield code="f">Jeffrey Archer</subfield>
            <subfield code="g">trad. Maria Salema</subfield>
        </datafield>
        <datafield tag="205" ind1=" " ind2=" ">
            <subfield code="a">2ª ed</subfield>
        </datafield>
        <datafield tag="210" ind1=" " ind2=" ">
            <subfield code="a">Mem Martins</subfield>
            <subfield code="c">Europa-América</subfield>
            <subfield code="d">D.L. 1989</subfield>
        </datafield>
        <datafield tag="215" ind1=" " ind2=" ">
            <subfield code="a">409 p.</subfield>
            <subfield code="d">21 cm</subfield>
        </datafield>
        <datafield tag="225" ind1="2" ind2=" ">
            <subfield code="a">Obras de Jeffrey Archer</subfield>
            <subfield code="v">5</subfield>
        </datafield>
        <datafield tag="304" ind1=" " ind2=" ">
            <subfield code="a">Tít. orig.: First among equals</subfield>
        </datafield>
        <datafield tag="675" ind1=" " ind2=" ">
            <subfield code="a">821</subfield>
            <subfield code="v">BN</subfield>
            <subfield code="z">por</subfield>
        </datafield>
        <datafield tag="700" ind1=" " ind2="1">
            <subfield code="a">Archer</subfield>
            <subfield code="b">Jeffrey</subfield>
            <subfield code="f">1940</subfield>
        </datafield>
        <datafield tag="702" ind1=" " ind2="1">
            <subfield code="a">Salema</subfield>
            <subfield code="b">Maria</subfield>
            <subfield code="4">730</subfield>
        </datafield>
        <datafield tag="801" ind1=" " ind2="0">
            <subfield code="a">PT</subfield>
            <subfield code="b">Biblioteca Municipal de Montalegre</subfield>
            <subfield code="g">RPC</subfield>
        </datafield>
        <datafield tag="856" ind1=" " ind2=" ">
            <subfield code="u">locateMedia.asp?cod=20060504122641&amp;ext=jpg</subfield>
            <subfield code="z">CAPA</subfield>
        </datafield>
        <datafield tag="909" ind1="&#9;" ind2=" ">
            <subfield code="a">1</subfield>
        </datafield>
        <datafield tag="966" ind1=" " ind2=" ">
            <subfield code="a">0008206</subfield>
            <subfield code="l">BMM</subfield>
            <subfield code="s">SCG 821 ARC pri</subfield>
        </datafield>
    </record>