
    <record>
        <leader>00803nam 2200229 450</leader>
        <controlfield tag="001">22</controlfield>
        <controlfield tag="003"
            >http://montalegre.opacnet.com/OPAC/default.aspx?ContentAreaControl=ShowRegHoldings.ascx&amp;RegNo=16662</controlfield>
        <datafield tag="021" ind1=" " ind2=" ">
            <subfield code="a">PT</subfield>
            <subfield code="b">5281/84</subfield>
        </datafield>
        <datafield tag="095" ind1=" " ind2=" ">
            <subfield code="a">PTBN00019348</subfield>
        </datafield>
        <datafield tag="100" ind1=" " ind2=" ">
            <subfield code="a">20061013d1984 m y0pora0103 ba</subfield>
        </datafield>
        <datafield tag="101" ind1="1" ind2=" ">
            <subfield code="a">por</subfield>
            <subfield code="b">spa</subfield>
        </datafield>
        <datafield tag="102" ind1=" " ind2=" ">
            <subfield code="a">PT</subfield>
        </datafield>
        <datafield tag="200" ind1="1" ind2=" ">
            <subfield code="a">&lt;O &gt;corsário</subfield>
            <subfield code="f">Kostas Assimacopoulos</subfield>
            <subfield code="g">trad. António Manuel C. Almeida Gonçalves</subfield>
        </datafield>
        <datafield tag="210" ind1=" " ind2=" ">
            <subfield code="a">Lisboa</subfield>
            <subfield code="c">Bertrand</subfield>
            <subfield code="d">imp. 1984</subfield>
        </datafield>
        <datafield tag="215" ind1=" " ind2=" ">
            <subfield code="a">197 p.</subfield>
            <subfield code="d">20 cm</subfield>
        </datafield>
        <datafield tag="225" ind1="2" ind2=" ">
            <subfield code="a">Autores universais</subfield>
        </datafield>
        <datafield tag="300" ind1=" " ind2=" ">
            <subfield code="a">Trad. da versão castelhana El rey y la estatua</subfield>
        </datafield>
        <datafield tag="675" ind1=" " ind2=" ">
            <subfield code="a">821</subfield>
            <subfield code="z">por</subfield>
            <subfield code="3">294462</subfield>
        </datafield>
        <datafield tag="700" ind1=" " ind2="1">
            <subfield code="a">Assimacopoulos</subfield>
            <subfield code="b">Kostas</subfield>
            <subfield code="3">232801</subfield>
        </datafield>
        <datafield tag="702" ind1=" " ind2="1">
            <subfield code="a">Gonçalves</subfield>
            <subfield code="b">António Manuel</subfield>
            <subfield code="f">1923</subfield>
            <subfield code="4">730</subfield>
            <subfield code="3">37080</subfield>
        </datafield>
        <datafield tag="801" ind1=" " ind2="0">
            <subfield code="a">PT</subfield>
            <subfield code="b">Biblioteca Municipal de Montalegre</subfield>
            <subfield code="g">RPC</subfield>
        </datafield>
        <datafield tag="856" ind1=" " ind2=" ">
            <subfield code="u">locateMedia.asp?cod=20060504121131&amp;ext=jpg</subfield>
            <subfield code="z">CAPA</subfield>
        </datafield>
        <datafield tag="909" ind1="&#9;" ind2=" ">
            <subfield code="a">1</subfield>
        </datafield>
        <datafield tag="966" ind1=" " ind2=" ">
            <subfield code="a">0008039</subfield>
            <subfield code="l">BMM</subfield>
            <subfield code="s">SCG 821 ASS cor</subfield>
        </datafield>
    </record>