
    <record>
        <leader>00803nam 2200265 450</leader>
        <controlfield tag="001">25</controlfield>
        <controlfield tag="003"
            >http://montalegre.opacnet.com/OPAC/default.aspx?ContentAreaControl=ShowRegHoldings.ascx&amp;RegNo=16662</controlfield>
        <datafield tag="010" ind1=" " ind2=" ">
            <subfield code="a">972-23-2362-8</subfield>
        </datafield>
        <datafield tag="021" ind1=" " ind2=" ">
            <subfield code="a">PT</subfield>
            <subfield code="b">138046/99</subfield>
        </datafield>
        <datafield tag="100" ind1=" " ind2=" ">
            <subfield code="a">20061013d1999 m y0pory010305 ba</subfield>
        </datafield>
        <datafield tag="101" ind1="1" ind2=" ">
            <subfield code="a">por</subfield>
            <subfield code="c">spa</subfield>
        </datafield>
        <datafield tag="102" ind1=" " ind2=" ">
            <subfield code="a">PT</subfield>
        </datafield>
        <datafield tag="105" ind1=" " ind2=" ">
            <subfield code="a">y z 001ay</subfield>
        </datafield>
        <datafield tag="106" ind1=" " ind2=" ">
            <subfield code="a">r</subfield>
        </datafield>
        <datafield tag="200" ind1="1" ind2=" ">
            <subfield code="a">&lt;O &gt;anatomista</subfield>
            <subfield code="f">Federico Andahazi</subfield>
            <subfield code="g">trad. Maria Bragança</subfield>
        </datafield>
        <datafield tag="205" ind1=" " ind2=" ">
            <subfield code="a">3ª ed</subfield>
        </datafield>
        <datafield tag="210" ind1=" " ind2=" ">
            <subfield code="a">Lisboa</subfield>
            <subfield code="c">Presença</subfield>
            <subfield code="d">1999</subfield>
        </datafield>
        <datafield tag="215" ind1=" " ind2=" ">
            <subfield code="a">210 p.</subfield>
            <subfield code="d">23 cm</subfield>
        </datafield>
        <datafield tag="225" ind1="2" ind2=" ">
            <subfield code="a">Grandes narrativas</subfield>
            <subfield code="v">65</subfield>
        </datafield>
        <datafield tag="304" ind1=" " ind2=" ">
            <subfield code="a">Tít. orig.: El anatomista</subfield>
        </datafield>
        <datafield tag="675" ind1=" " ind2=" ">
            <subfield code="a">821</subfield>
            <subfield code="z">por</subfield>
        </datafield>
        <datafield tag="700" ind1=" " ind2="1">
            <subfield code="a">Andahazi</subfield>
            <subfield code="b">Federico</subfield>
        </datafield>
        <datafield tag="702" ind1=" " ind2="1">
            <subfield code="a">Bragança</subfield>
            <subfield code="b">Maria Gabriela de</subfield>
            <subfield code="4">730</subfield>
        </datafield>
        <datafield tag="801" ind1=" " ind2="0">
            <subfield code="a">PT</subfield>
            <subfield code="b">Biblioteca Municipal de Montalegre</subfield>
            <subfield code="g">RPC</subfield>
        </datafield>
        <datafield tag="856" ind1=" " ind2=" ">
            <subfield code="u">locateMedia.asp?cod=20060504122633&amp;ext=jpg</subfield>
            <subfield code="z">CAPA</subfield>
        </datafield>
        <datafield tag="909" ind1="&#9;" ind2=" ">
            <subfield code="a">1</subfield>
        </datafield>
        <datafield tag="966" ind1=" " ind2=" ">
            <subfield code="a">0015455</subfield>
            <subfield code="l">BMM</subfield>
            <subfield code="s">SCG 821 AND ana 65</subfield>
        </datafield>
    </record>