
    <record>
        <leader>00601nam 2200193 450</leader>
        <controlfield tag="001">27</controlfield>
        <controlfield tag="003"
            >http://montalegre.opacnet.com/OPAC/default.aspx?ContentAreaControl=ShowRegHoldings.ascx&amp;RegNo=16662</controlfield>
        <datafield tag="095" ind1=" " ind2=" ">
            <subfield code="a">PTBN00490171</subfield>
        </datafield>
        <datafield tag="100" ind1=" " ind2=" ">
            <subfield code="a">20061013d1957 em y0pory010305 ba</subfield>
        </datafield>
        <datafield tag="101" ind1="1" ind2=" ">
            <subfield code="a">por</subfield>
        </datafield>
        <datafield tag="102" ind1=" " ind2=" ">
            <subfield code="a">PT</subfield>
        </datafield>
        <datafield tag="200" ind1="1" ind2=" ">
            <subfield code="a">&lt;O &gt;livro de Marco Polo</subfield>
            <subfield code="f">trad. de H. Ferreira Alves</subfield>
            <subfield code="g">il. Nuno</subfield>
        </datafield>
        <datafield tag="210" ind1=" " ind2=" ">
            <subfield code="a">Lisboa</subfield>
            <subfield code="c">Portugália</subfield>
            <subfield code="d">[D.L. 1957]</subfield>
        </datafield>
        <datafield tag="215" ind1=" " ind2=" ">
            <subfield code="a">389 p., [3] f</subfield>
            <subfield code="c">il.</subfield>
            <subfield code="d">20 cm</subfield>
        </datafield>
        <datafield tag="675" ind1=" " ind2=" ">
            <subfield code="a">821</subfield>
            <subfield code="v">RPC</subfield>
            <subfield code="z">por</subfield>
        </datafield>
        <datafield tag="700" ind1=" " ind2="1">
            <subfield code="a">Polo</subfield>
            <subfield code="b">Marco</subfield>
            <subfield code="f">1254-1323</subfield>
        </datafield>
        <datafield tag="702" ind1=" " ind2="1">
            <subfield code="a">Alves</subfield>
            <subfield code="b">H. Ferreira</subfield>
            <subfield code="4">730</subfield>
        </datafield>
        <datafield tag="702" ind1=" " ind2="0">
            <subfield code="a">Nuno</subfield>
            <subfield code="4">440</subfield>
        </datafield>
        <datafield tag="801" ind1=" " ind2="0">
            <subfield code="a">PT</subfield>
            <subfield code="b">Biblioteca Municipal de Montalegre</subfield>
            <subfield code="g">RPC</subfield>
        </datafield>
        <datafield tag="909" ind1="&#9;" ind2=" ">
            <subfield code="a">1</subfield>
        </datafield>
        <datafield tag="966" ind1=" " ind2=" ">
            <subfield code="a">0008251</subfield>
            <subfield code="l">BMM</subfield>
            <subfield code="s">SCG 821 ALV liv</subfield>
        </datafield>
    </record>