
    <record>
        <leader>00614nam 2200181 450</leader>
        <controlfield tag="001">34</controlfield>
        <controlfield tag="003"
            >http://montalegre.opacnet.com/OPAC/default.aspx?ContentAreaControl=ShowRegHoldings.ascx&amp;RegNo=16662</controlfield>
        <datafield tag="095" ind1=" " ind2=" ">
            <subfield code="a">PTBN00533806</subfield>
        </datafield>
        <datafield tag="100" ind1=" " ind2=" ">
            <subfield code="a">20061013d1947 em y0pory010305 ba</subfield>
        </datafield>
        <datafield tag="101" ind1="1" ind2=" ">
            <subfield code="a">por</subfield>
            <subfield code="c">fre</subfield>
        </datafield>
        <datafield tag="102" ind1=" " ind2=" ">
            <subfield code="a">PT</subfield>
        </datafield>
        <datafield tag="200" ind1="1" ind2=" ">
            <subfield code="a">Grandeza e decadência de César Birotteau</subfield>
            <subfield code="f">Honoré de Balzac</subfield>
            <subfield code="g">trad. Alberto Pimentel (Filho)</subfield>
        </datafield>
        <datafield tag="210" ind1=" " ind2=" ">
            <subfield code="a">Lisboa</subfield>
            <subfield code="c">Guimarães Editores</subfield>
            <subfield code="d">1947</subfield>
        </datafield>
        <datafield tag="215" ind1=" " ind2=" ">
            <subfield code="a">305 p.</subfield>
            <subfield code="d">19 cm</subfield>
        </datafield>
        <datafield tag="675" ind1=" " ind2=" ">
            <subfield code="a">821</subfield>
            <subfield code="v">BN</subfield>
            <subfield code="z">por</subfield>
        </datafield>
        <datafield tag="700" ind1=" " ind2="1">
            <subfield code="a">Balzac</subfield>
            <subfield code="b">Honoré de</subfield>
            <subfield code="f">1799-1850</subfield>
        </datafield>
        <datafield tag="702" ind1=" " ind2="1">
            <subfield code="a">Pimentel Filho</subfield>
            <subfield code="b">Alberto</subfield>
            <subfield code="f">1875</subfield>
            <subfield code="4">730</subfield>
        </datafield>
        <datafield tag="801" ind1=" " ind2="0">
            <subfield code="a">PT</subfield>
            <subfield code="b">Biblioteca Municipal de Montalegre</subfield>
            <subfield code="g">RPC</subfield>
        </datafield>
        <datafield tag="909" ind1="&#9;" ind2=" ">
            <subfield code="a">1</subfield>
        </datafield>
        <datafield tag="966" ind1=" " ind2=" ">
            <subfield code="a">0008113</subfield>
            <subfield code="l">BMM</subfield>
            <subfield code="s">SCG 821 BAL gra</subfield>
        </datafield>
    </record>