
    <record>
        <leader>00791nam 2200229 450</leader>
        <controlfield tag="001">35</controlfield>
        <controlfield tag="003"
            >http://montalegre.opacnet.com/OPAC/default.aspx?ContentAreaControl=ShowRegHoldings.ascx&amp;RegNo=16662</controlfield>
        <controlfield tag="005">20</controlfield>
        <datafield tag="100" ind1=" " ind2=" ">
            <subfield code="a">20061013d1973 m y0pora010305 ba</subfield>
        </datafield>
        <datafield tag="101" ind1="1" ind2=" ">
            <subfield code="a">por</subfield>
            <subfield code="c">fre</subfield>
        </datafield>
        <datafield tag="102" ind1=" " ind2=" ">
            <subfield code="a">PT</subfield>
        </datafield>
        <datafield tag="200" ind1="1" ind2=" ">
            <subfield code="a">&lt;A &gt;mulher de trinta anos</subfield>
            <subfield code="f">Honoré de Balzac</subfield>
            <subfield code="g">trad.: de Carlos Loures</subfield>
        </datafield>
        <datafield tag="210" ind1=" " ind2=" ">
            <subfield code="a">Lisboa</subfield>
            <subfield code="c">Europa-América</subfield>
            <subfield code="d">1973</subfield>
        </datafield>
        <datafield tag="215" ind1=" " ind2=" ">
            <subfield code="a">169 p., [2] f</subfield>
            <subfield code="c">il.</subfield>
            <subfield code="d">18 cm</subfield>
        </datafield>
        <datafield tag="225" ind1="2" ind2=" ">
            <subfield code="a">Livros de bolso Europa-América</subfield>
            <subfield code="v">64</subfield>
        </datafield>
        <datafield tag="304" ind1=" " ind2=" ">
            <subfield code="a">Tít. orig.: La femme de trente ans</subfield>
        </datafield>
        <datafield tag="675" ind1=" " ind2=" ">
            <subfield code="a">821</subfield>
        </datafield>
        <datafield tag="700" ind1=" " ind2="1">
            <subfield code="a">Balzac</subfield>
            <subfield code="b">Honoré de</subfield>
            <subfield code="f">1799-1850</subfield>
        </datafield>
        <datafield tag="702" ind1=" " ind2="1">
            <subfield code="a">Loures</subfield>
            <subfield code="b">Carlos</subfield>
            <subfield code="4">730</subfield>
        </datafield>
        <datafield tag="801" ind1=" " ind2="0">
            <subfield code="a">PT</subfield>
            <subfield code="b">Biblioteca Municipal de Montalegre</subfield>
            <subfield code="g">RPC</subfield>
        </datafield>
        <datafield tag="856" ind1=" " ind2=" ">
            <subfield code="u">locateMedia.asp?cod=20060504152457&amp;ext=jpg</subfield>
            <subfield code="z">CAPA</subfield>
        </datafield>
        <datafield tag="909" ind1="&#9;" ind2=" ">
            <subfield code="a">2</subfield>
        </datafield>
        <datafield tag="966" ind1=" " ind2=" ">
            <subfield code="a">0007894</subfield>
            <subfield code="l">BMM</subfield>
            <subfield code="s">SCG 821 BAL mul 64</subfield>
        </datafield>
        <datafield tag="966" ind1=" " ind2=" ">
            <subfield code="a">0008360</subfield>
            <subfield code="l">BMM</subfield>
            <subfield code="s">SCG 821 BAL mul 64</subfield>
        </datafield>
    </record>