
    <record>
        <leader>00798nam 2200265 450</leader>
        <controlfield tag="001">45</controlfield>
        <controlfield tag="003"
            >http://montalegre.opacnet.com/OPAC/default.aspx?ContentAreaControl=ShowRegHoldings.ascx&amp;RegNo=16662</controlfield>
        <datafield tag="010" ind1=" " ind2=" ">
            <subfield code="a">972-41-4040-7</subfield>
        </datafield>
        <datafield tag="021" ind1=" " ind2=" ">
            <subfield code="a">PT</subfield>
            <subfield code="b">215291/04</subfield>
        </datafield>
        <datafield tag="100" ind1=" " ind2=" ">
            <subfield code="a">20061013d2004 m y0pory0103 ba</subfield>
        </datafield>
        <datafield tag="101" ind1="1" ind2=" ">
            <subfield code="a">por</subfield>
            <subfield code="c">eng</subfield>
        </datafield>
        <datafield tag="102" ind1=" " ind2=" ">
            <subfield code="a">PT</subfield>
        </datafield>
        <datafield tag="105" ind1=" " ind2=" ">
            <subfield code="a">y z 000yy</subfield>
        </datafield>
        <datafield tag="106" ind1=" " ind2=" ">
            <subfield code="a">r</subfield>
        </datafield>
        <datafield tag="200" ind1="1" ind2=" ">
            <subfield code="a">&lt;A &gt;noite do oráculo</subfield>
            <subfield code="f">Paul Auster</subfield>
            <subfield code="g">trad. José Vieira de Lima</subfield>
        </datafield>
        <datafield tag="205" ind1=" " ind2=" ">
            <subfield code="a">1ª ed</subfield>
        </datafield>
        <datafield tag="210" ind1=" " ind2=" ">
            <subfield code="a">Porto</subfield>
            <subfield code="c">Asa</subfield>
            <subfield code="d">2004</subfield>
        </datafield>
        <datafield tag="215" ind1=" " ind2=" ">
            <subfield code="a">200, [8] p.</subfield>
            <subfield code="d">22 cm</subfield>
        </datafield>
        <datafield tag="225" ind1="2" ind2=" ">
            <subfield code="a">Vozes do mundo</subfield>
        </datafield>
        <datafield tag="304" ind1=" " ind2=" ">
            <subfield code="a">Tít. orig.: Oracle night</subfield>
        </datafield>
        <datafield tag="675" ind1=" " ind2=" ">
            <subfield code="a">821</subfield>
        </datafield>
        <datafield tag="700" ind1=" " ind2="1">
            <subfield code="a">Auster</subfield>
            <subfield code="b">Paul</subfield>
            <subfield code="f">1947-</subfield>
            <subfield code="3">72675</subfield>
        </datafield>
        <datafield tag="702" ind1=" " ind2="1">
            <subfield code="a">Lima</subfield>
            <subfield code="b">José Vieira de</subfield>
            <subfield code="4">730</subfield>
            <subfield code="3">25072</subfield>
        </datafield>
        <datafield tag="801" ind1=" " ind2="0">
            <subfield code="a">PT</subfield>
            <subfield code="b">Biblioteca Municipal de Montalegre</subfield>
            <subfield code="g">RPC</subfield>
        </datafield>
        <datafield tag="856" ind1=" " ind2=" ">
            <subfield code="u">locateMedia.asp?cod=20060504160256&amp;ext=jpg</subfield>
            <subfield code="z">CAPA</subfield>
        </datafield>
        <datafield tag="909" ind1="&#9;" ind2=" ">
            <subfield code="a">1</subfield>
        </datafield>
        <datafield tag="966" ind1=" " ind2=" ">
            <subfield code="a">0016284</subfield>
            <subfield code="l">BMM</subfield>
            <subfield code="s">SCG 821 AUS noi</subfield>
        </datafield>
    </record>