
    <record>
        <leader>00940nam 2200289 450</leader>
        <controlfield tag="001">46</controlfield>
        <controlfield tag="003"
            >http://montalegre.opacnet.com/OPAC/default.aspx?ContentAreaControl=ShowRegHoldings.ascx&amp;RegNo=16662</controlfield>
        <datafield tag="010" ind1=" " ind2=" ">
            <subfield code="a">972-1-03122-4</subfield>
        </datafield>
        <datafield tag="021" ind1=" " ind2=" ">
            <subfield code="a">PT</subfield>
            <subfield code="b">67471/93</subfield>
        </datafield>
        <datafield tag="095" ind1=" " ind2=" ">
            <subfield code="a">PTBN00855903</subfield>
        </datafield>
        <datafield tag="100" ind1=" " ind2=" ">
            <subfield code="a">20061013d1996 m y0pory010305 ba</subfield>
        </datafield>
        <datafield tag="101" ind1="1" ind2=" ">
            <subfield code="a">por</subfield>
            <subfield code="c">eng</subfield>
        </datafield>
        <datafield tag="102" ind1=" " ind2=" ">
            <subfield code="a">PT</subfield>
        </datafield>
        <datafield tag="105" ind1=" " ind2=" ">
            <subfield code="a">a z 000ay</subfield>
        </datafield>
        <datafield tag="106" ind1=" " ind2=" ">
            <subfield code="a">r</subfield>
        </datafield>
        <datafield tag="200" ind1="1" ind2=" ">
            <subfield code="a">Não há longe nem distância</subfield>
            <subfield code="f">Richard Bach</subfield>
            <subfield code="g">il. Ron Wegen</subfield>
            <subfield code="g">trad. Maria Luísa Ferreira da Costa</subfield>
        </datafield>
        <datafield tag="205" ind1=" " ind2=" ">
            <subfield code="a">6ª ed</subfield>
        </datafield>
        <datafield tag="210" ind1=" " ind2=" ">
            <subfield code="a">Mem Martins</subfield>
            <subfield code="c">Europa-América</subfield>
            <subfield code="d">D.L. 1993</subfield>
        </datafield>
        <datafield tag="215" ind1=" " ind2=" ">
            <subfield code="a">[46] p.</subfield>
            <subfield code="c">il.</subfield>
            <subfield code="d">22 cm</subfield>
        </datafield>
        <datafield tag="225" ind1="2" ind2=" ">
            <subfield code="a">Obras de Richard Bach</subfield>
        </datafield>
        <datafield tag="304" ind1=" " ind2=" ">
            <subfield code="a">Tít. orig.: There's no such place as far away</subfield>
        </datafield>
        <datafield tag="675" ind1=" " ind2=" ">
            <subfield code="a">821</subfield>
            <subfield code="v">BN</subfield>
            <subfield code="z">por</subfield>
        </datafield>
        <datafield tag="700" ind1=" " ind2="1">
            <subfield code="a">Bach</subfield>
            <subfield code="b">Richard</subfield>
        </datafield>
        <datafield tag="702" ind1=" " ind2="1">
            <subfield code="a">Wegen</subfield>
            <subfield code="b">Ron</subfield>
            <subfield code="4">440</subfield>
        </datafield>
        <datafield tag="702" ind1=" " ind2="1">
            <subfield code="a">Costa</subfield>
            <subfield code="b">Maria Luísa Ferreira da</subfield>
            <subfield code="4">730</subfield>
        </datafield>
        <datafield tag="801" ind1=" " ind2="0">
            <subfield code="a">PT</subfield>
            <subfield code="b">Biblioteca Municipal de Montalegre</subfield>
            <subfield code="g">RPC</subfield>
        </datafield>
        <datafield tag="856" ind1=" " ind2=" ">
            <subfield code="u">locateMedia.asp?cod=20060508101910&amp;ext=jpg</subfield>
            <subfield code="z">CAPA</subfield>
        </datafield>
        <datafield tag="909" ind1="&#9;" ind2=" ">
            <subfield code="a">1</subfield>
        </datafield>
        <datafield tag="966" ind1=" " ind2=" ">
            <subfield code="a">0005163</subfield>
            <subfield code="l">BMM</subfield>
            <subfield code="s">SCG 821 BAC não</subfield>
        </datafield>
    </record>