
    <record>
        <leader>00874nam 2200277 450</leader>
        <controlfield tag="001">53</controlfield>
        <controlfield tag="003"
            >http://montalegre.opacnet.com/OPAC/default.aspx?ContentAreaControl=ShowRegHoldings.ascx&amp;RegNo=16662</controlfield>
        <datafield tag="010" ind1=" " ind2=" ">
            <subfield code="a">972-1-02929-7</subfield>
        </datafield>
        <datafield tag="021" ind1=" " ind2=" ">
            <subfield code="a">PT</subfield>
            <subfield code="b">78932/94</subfield>
        </datafield>
        <datafield tag="100" ind1=" " ind2=" ">
            <subfield code="a">20061013d1994 k y0pory0103 ba</subfield>
        </datafield>
        <datafield tag="101" ind1="1" ind2=" ">
            <subfield code="a">por</subfield>
            <subfield code="c">eng</subfield>
        </datafield>
        <datafield tag="102" ind1=" " ind2=" ">
            <subfield code="a">PT</subfield>
        </datafield>
        <datafield tag="105" ind1=" " ind2=" ">
            <subfield code="a">y z 000ay</subfield>
        </datafield>
        <datafield tag="200" ind1="1" ind2=" ">
            <subfield code="a">Nada ao acaso</subfield>
            <subfield code="f">Richard Bach</subfield>
            <subfield code="g">tradução de Maria da Graça Bigotte Chorão</subfield>
        </datafield>
        <datafield tag="205" ind1=" " ind2=" ">
            <subfield code="a">2ª ed</subfield>
        </datafield>
        <datafield tag="210" ind1=" " ind2=" ">
            <subfield code="a">Mem Martins</subfield>
            <subfield code="c">Europa-América</subfield>
            <subfield code="d">D.L. 1994</subfield>
        </datafield>
        <datafield tag="215" ind1=" " ind2=" ">
            <subfield code="a">226, [1] p.</subfield>
            <subfield code="d">22 cm</subfield>
        </datafield>
        <datafield tag="225" ind1="2" ind2=" ">
            <subfield code="a">Obras de Richard Bach</subfield>
        </datafield>
        <datafield tag="304" ind1=" " ind2=" ">
            <subfield code="a">Tít. orig.: Nothing by chance</subfield>
        </datafield>
        <datafield tag="606" ind1="1" ind2=" ">
            <subfield code="a">Literatura americana</subfield>
        </datafield>
        <datafield tag="608" ind1=" " ind2=" ">
            <subfield code="a">Romance</subfield>
        </datafield>
        <datafield tag="675" ind1=" " ind2=" ">
            <subfield code="a">821</subfield>
        </datafield>
        <datafield tag="700" ind1=" " ind2="1">
            <subfield code="a">Bach</subfield>
            <subfield code="b">Richard</subfield>
        </datafield>
        <datafield tag="702" ind1=" " ind2="1">
            <subfield code="a">Chorão</subfield>
            <subfield code="b">Maria da Graça Bigotte</subfield>
            <subfield code="4">730</subfield>
        </datafield>
        <datafield tag="801" ind1=" " ind2="0">
            <subfield code="a">PT</subfield>
            <subfield code="b">Biblioteca Municipal de Montalegre</subfield>
            <subfield code="g">RPC</subfield>
        </datafield>
        <datafield tag="856" ind1=" " ind2=" ">
            <subfield code="u">locateMedia.asp?cod=20060504163524&amp;ext=jpg</subfield>
            <subfield code="z">CAPA</subfield>
        </datafield>
        <datafield tag="909" ind1="&#9;" ind2=" ">
            <subfield code="a">1</subfield>
        </datafield>
        <datafield tag="966" ind1=" " ind2=" ">
            <subfield code="a">0005115</subfield>
            <subfield code="l">BMM</subfield>
            <subfield code="s">SCG 821 BAC nad</subfield>
        </datafield>
    </record>
</collection>
